<?xml version="1.0" encoding="UTF-8"?><collection xmlns="http://www.loc.gov/MARC21/slim"><record><leader>00406nam--2200145-i-4500</leader><controlfield tag="001">000019360</controlfield><controlfield tag="002">20161230</controlfield><controlfield tag="005">20161230201033</controlfield><controlfield tag="008">060222s1000------------r-----000-0-eng-d</controlfield><datafield ind1=" " ind2=" " tag="080"><subfield code="a">546:017</subfield></datafield><datafield ind1=" " ind2=" " tag="245"><subfield code="a">Inorganic chemistry.series one</subfield></datafield><datafield ind1=" " ind2=" " tag="260"><subfield code="a">London,Butterworts,1972. 200p</subfield></datafield><datafield ind1=" " ind2=" " tag="490"><subfield code="a">Inorganic Chemistry.Series One.Consultant Editor H.J.Emeleus, Index Volume</subfield></datafield><datafield ind1=" " ind2=" " tag="700"><subfield code="a">Emelus,H.J</subfield></datafield><datafield ind1=" " ind2=" " tag="852"><subfield code="a">37578</subfield></datafield></record></collection>